@misc {BLEUCritique,
   url = {https://inkandswitch.notion.site/Academish-Voice-0d8126b3be5545d2a21705ceedb5dd45},
   title = {Re-evaluating the Role of Bleu in Machine Translation Research},
   author = {{Callison-Burch, Chris. Osborne, Miles. Koehn, Philipp. McCarthy, Diana. Wintner, Shuly}},
   year = {2006},
}

@misc {IndigenousTransferLearning,
   url = {http://arxiv.org/abs/2205.06993},
   title = {Improving Neural Machine Translation of Indigenous Languages with Multilingual Transfer Learning},
   year = {2022},
   author = {{Chen, Wei-Rui. Muhammad, Abdul-Mageed}},
}

@misc {BibleCorpus,
   url = {https://www.freecodecamp.org/news/why-developers-should-know-how-to-write-dc35aa9b71ab/},
   author = {Christodouloupoulos, Christos},
   year = {2015},
   title = {A massively parallel corpus: the Bible in 100 languages},
}

@misc {CanadianGeographicLanguage,
   url = {https://canadiangeographic.ca/articles/why-indigenous-languages-matter/},
   title = {Why Indigenous languages matter},
   year = {2019},
   author = {{Davis, Wade}},
}

@misc {AxolotlCorpus,
   url = {https://aclanthology.org/L16-1666},
   author = {Gutierrez-Vasques, Ximena. Sierra, Gerardo.},
   year = {2016},
   title = {Axolotl: a Web Accessible Parallel Corpus for Spanish-Nahuatl},
}

@misc {SomosNLP,
   url = {https://huggingface.co/spaces/somosnlp-hackathon-2022/Spanish-Nahuatl-Translation},
   author = {Morales, Emilia Alejandro. Arzate, Rodgrigo Martinez Arzate. },
   year = {2022},
   title = {Spanish to Nahuatl Automatic Translation},
}

@misc {SomosNLPDataset,
   url = {https://huggingface.co/datasets/somosnlp-hackathon-2022/Axolotl-Spanish-Nahuatl},
   author = {Morales, Emilia Alejandro. Arzate, Rodgrigo Martinez Arzate. },
   year = {2022},
   title = {Spanish to Nahuatl Automatic Translation},
}


@misc {MorphologicalSegmentation,
   url = {https://aclanthology.org/2022.findings-acl.78.pdf},
   author = {Mage, Manuel. Oncevay, Arturo. Mager, Elizabeth. Kann, Katharina.},
   year = {2022},
   title = {BPE vs. Morphological Segmentation: A Case Study on Machine
Translation of Four Polysynthetic Languages},
}


@misc {InformationLossPolysynthetic,
   author = {Mager, Manuel. Mager, Elisabeth. Medina-Urrea, Alfonso. Meza, Ivan. Kann, Katharina},
   url = {https://arxiv.org/abs/1807.00286v1},
   title = {Lost in Translation: Analysis of Information Loss During Machine Translation Between Polysynthetic and Fusional Languages},
    year = {2018},
}

@misc {ChrFArticle,
   url = {https://aclanthology.org/W15-3049},
   year = {2015},
   title = {chrF: character n-gram F-score for automatic MT evaluation},
   author = {PopoviÄ‡, Maja},
}

@misc {WikiBook2022LaTeX,
   url = {https://en.wikibooks.org/wiki/LaTeX},
   year = {2022},
   title = {LaTeX WikiBook},
   author = {WikiBook},
}
@misc {BLEU,
   url = {https://machinetranslate.org/bleu},
   title = {BLEU},
   year = {2016},
   author = {{MachineTranslate.org}},
}

@misc {BLEUGoogle,
   url = {https://cloud.google.com/translate/docs/advanced/automl-evaluate},
   title = {Evaluate Models},
   author = {{Google}},
}

@misc {COMETHF,
   url = {https://huggingface.co/spaces/evaluate-metric/comet},
   title = {COMET},
   author = {{Hugging Face}},
}


@misc {ChrF,
   url = {https://machinetranslate.org/chrF},
   title = {ChrF},
   year = {2016},
   author = {{MachineTranslate.org}},
}


@misc {Lambert2021MakefileTutorial,
   author = {Lambert, Chase},
   url = {https://makefiletutorial.com/},
   year = {2021},
   title = {Makefile Tutorial},
}


@misc {Overleaf2021LearnLaTeXIn,
   url = {https://www.overleaf.com/learn/latex/Learn_LaTeX_in_30_minutes},
   year = {2021},
   title = {Learn LaTeX in 30 minutes},
   author = {Overleaf},
}

@misc {Ren,
   url = {https://web.stanford.edu/class/archive/cs/cs224n/cs224n.1234/final-reports/final-report-169508363.pdf},
   title = {Improving Neural Machine Translation of Spanish To Quechua with Transfer Learning},
   year = {2021},
   author = {{Ren, Kaiyu}},
}

@misc {Nahuatl,
   url = {https://liberalarts.utexas.edu/languages/nahuatl.html},
   title = {Nahuatl},
   author = {{The University of Texas at Austin}},
}

@misc {IndigenousLanguageDeath,
   url = {https://hir.harvard.edu/the-death-and-revival-of-indigenous-languages/},
   title = {The Death and Revival of Indigenous Languages},
   year = {2022},
   author = {{Toth, Katalina}},
}

@misc {IndigenousLanguages,
   url = {https://www.un.org/development/desa/indigenouspeoples/wp-content/uploads/sites/19/2018/04/Indigenous-Languages.pdf},
   title = {Indigenous Langauges},
   author = {{United Nations}},
}

@misc {Zoph,
   url = {https://arxiv.org/abs/1604.02201},
   title = {Transfer Learning for Low-Resource Neural Machine Translation},
   year = {2016},
   author = {{Zoph, Barret. Yuret, Deniz. May, Jonathan. Knight, Kevin}},
}

@misc {Zoph,
   url = {https://arxiv.org/abs/1604.02201},
   title = {Transfer Learning for Low-Resource Neural Machine Translation},
   year = {2016},
   author = {{Zoph, Barret. Yuret, Deniz. May, Jonathan. Knight, Kevin}},
}

@misc {Ren,
   url = {https://arxiv.org/abs/1604.02201},
   title = {Transfer Learning for Low-Resource Neural Machine Translation},
   year = {2016},
   author = {{Zoph, Barret. Yuret, Deniz. May, Jonathan. Knight, Kevin}},
}

@misc {NgocLe,
   url = {https://arxiv.org/abs/1604.02201},
   title = {Transfer Learning for Low-Resource Neural Machine Translation},
   year = {2016},
   author = {{Zoph, Barret. Yuret, Deniz. May, Jonathan. Knight, Kevin}},
}

@misc {Zheng,
   url = {https://machinetranslate.org/chrF},
   title = {Low-Resource Machine Translation Using Cross-Lingual Language Model Pretraining},
   year = {2016},
   author = {{Zheng, Francis. Reid, Machel. Marrese-Taylor, Edison. Matsuo, Yutaka. }},
}

@misc {Overfitting,
   url = {https://www.ibm.com/topics/overfitting},
   title = {What is Overfitting? | IBM},
   year = {2024},
   author = {{IBM}},
}

@misc {Polysynethic,
   url ={https://en.wikipedia.org/wiki/Polysynthetic_language#:~:text=In%20linguistic%20typology%2C%20polysynthetic%20languages,be%20able%20to%20stand%20alone).},
   title = {Polysynethic language}, 
    author = {Wikipedia}
}

@misc {Transformers,
   url = {https://aws.amazon.com/what-is/transformers-in-artificial-intelligence/#:~:text=Transformers%20are%20a%20type%20of,tracking%20relationships%20between%20sequence%20components.},
   title = {What Are Transformers In Artificial Intelligence?},
   author = {{Amazon Web Services}},
}

@misc {Architectures,
   url = {https://lakefs.io/blog/machine-learning-architecture/#:~:text=Machine%20learning%20architecture%20is%20the,for%20creating%20an%20ML%20system.},
   title = {Machine Learning Architecture: What it is, Key Components & Types},
   author = {{LakeFS}},
}

@misc {Epoch,
   url = {https://www.geeksforgeeks.org/epoch-in-machine-learning/},
   title = {Epoch in Machine Learning},
   author = {{Geeks for Geeks}},
}

@misc {Tokenizers,
   url = {https://huggingface.co/docs/tokenizers/en/index},
   title = {Tokenizers},
   author = {{Hugging Face}},
}


@misc {Elotl,
   url = {https://github.com/ElotlMX/py-elotl},
   title = {Py-Elotl},
   author = {{Comunidad Elotl.}},
}

@misc {TalkAboutWhatYouDontKnow,
   url = {https://www.nwic.edu/wp-content/uploads/2016/08/Dont-talk-about-what-you-dont-know.-on-not-conducting-research-with-in-Indigenous-contexts.pdf},
   title = {'Don't talk about what you don't know': on (not) conducting research with/in Indigenous contexts},
   year = {2013},
   author = {{Aveling, Nado}},
}

@misc {VingnettesAsAStrategy,
   url = {https://journals.sagepub.com/doi/epdf/10.1177/1077800411409885},
   title = {In Indigenous Words: Exploring Vignettes as a Narrative Strateg for Presenting the Research Voices of Aboriginal Community Members},
    year = {2011},
   author = {{Blodgett, Amy T. Schnike, Robert J. Smith, Brett. Peltier, Duke. Pheasant, Chris}},
}

@misc {AdaptingWesternMethods,
   url = {https://www.ncbi.nlm.nih.gov/pmc/articles/PMC3828951/.},
   title = {Adapting Western Research Methods to Indigenous Ways of Knowing},
    year = {2013},
   author = {{Simonds, Vanessa W. Christopher, Suzanne}},
}

@misc {TalkAboutWhatYouDontKnow,
   url = {https://www.nwic.edu/wp-content/uploads/2016/08/Dont-talk-about-what-you-dont-know.-on-not-conducting-research-with-in-Indigenous-contexts.pdf},
   title = {'Don't talk about what you don't know': on (not) conducting research with/in Indigenous contexts},
   year = {2013},
   author = {{Aveling, Nado}},
}

@misc {T5Model,
   url = {https://huggingface.co/docs/transformers/en/model_doc/t5},
   title = {T5},
   author = {{Hugging Face}},
}

@misc {HuggingFaceTutorial,
   url = {https://huggingface.co/docs/transformers/en/index},
   title = {Transformers}, 
   author = {{Hugging Face}},
}

@misc {GoogleTranslate,
   url = {https://translate.google.com/?sl=es&tl=nhe&op=translate},
   title = {Gogole Translate}, 
   author = {{Google}},
}

@misc {Deepl,
   url = {https://www.deepl.com/en/translator},
   title = {Deepl Translator}, 
   author = {{Deepl}},
}

@misc {GoogleMLEval,
   url = {https://developers.google.com/machine-learning/crash-course/classification/accuracy-precision-recall},
   title = {Classification: Accuracy, recall, precision, and related metrics}, 
   author = {{Google}},
}

@misc {Morfessor,
   url = {https://morfessor.readthedocs.io/en/latest/},
   title = {Morfessor Documentation}, 
   author = {{Morfessor}},
}

@misc {NahuatlDictionary,
   url = {https://nahuatl.wired-humanities.org/},
   title = {Nahuatl Online Dictionary}, 
   author = {{Wired Humanties Project}},
}
